<record><leader>01266cam a2200301 i 45 0</leader><controlfield tag="001">6783530</controlfield><controlfield tag="008">150114s2015    xxua          000 0deng d</controlfield><datafield ind1=" " ind2=" " tag="020"><subfield code="a">9781505642865</subfield></datafield><datafield ind1=" " ind2=" " tag="035"><subfield code="a">ocn902773676</subfield></datafield><datafield ind1=" " ind2=" " tag="040"><subfield code="a">AEVC</subfield><subfield code="b">eng</subfield><subfield code="e">rda</subfield><subfield code="c">AEVC</subfield></datafield><datafield ind1=" " ind2=" " tag="090"><subfield code="a">921 AMA</subfield><subfield code="b">AEVC</subfield></datafield><datafield ind1="1" ind2=" " tag="100"><subfield code="a">Amani, Gerard Mutabazi,</subfield><subfield code="e">author.</subfield></datafield><datafield ind1=" " ind2=" " tag="245"><subfield code="a">Tavrida 2014:</subfield><subfield code="b">young leaders in action : shaping the future/</subfield><subfield code="c">Gerard Mutabazi Amani.</subfield></datafield><datafield ind1="3" ind2="1" tag="246"><subfield code="a">Tavrida thousand and fourteen</subfield></datafield><datafield ind1=" " ind2=" " tag="246"><subfield code="a">Tavrida twenty fourteen</subfield></datafield><datafield ind1=" " ind2="1" tag="264"><subfield code="a">[place of publication not identified]:[publisher not identified],[2015]</subfield></datafield><datafield ind1=" " ind2=" " tag="300"><subfield code="a">1 volume (unpaged):</subfield><subfield code="b">illustrations;</subfield><subfield code="c">23</subfield></datafield><datafield ind1=" " ind2=" " tag="336"><subfield code="a">text</subfield><subfield code="b">txt</subfield><subfield code="2">rdacontent</subfield></datafield><datafield ind1=" " ind2=" " tag="337"><subfield code="a">unmediated</subfield><subfield code="b">n</subfield><subfield code="2">rdamedia</subfield></datafield><datafield ind1=" " ind2=" " tag="338"><subfield code="a">volume</subfield><subfield code="b">nc</subfield><subfield code="2">rdacarrier</subfield></datafield><datafield ind1=" " ind2=" " tag="500"><subfield code="a">Cover title.</subfield></datafield><datafield ind1=" " ind2=" " tag="596"><subfield code="a">3</subfield></datafield><datafield ind1="1" ind2=" " tag="600"><subfield code="a">Amani, Gerard Mutabazi.</subfield></datafield><datafield ind1=" " ind2="0" tag="650"><subfield code="a">Refugees</subfield><subfield code="z">Congo (Democratic Republic)</subfield><subfield code="v">Biography.</subfield></datafield><datafield ind1=" " ind2="0" tag="650"><subfield code="a">Voyages and travels.</subfield></datafield><datafield ind1=" " ind2=" " tag="926"><subfield code="a">921 AMA</subfield><subfield code="w">DEWEY</subfield><subfield code="c">1</subfield><subfield code="i">33862001354673</subfield><subfield code="d">5/11/2016</subfield><subfield code="e">4/20/2016</subfield><subfield code="l">ON_SHELF</subfield><subfield code="m">NORQ_MAIN</subfield><subfield code="n">4</subfield><subfield code="p">$11.80</subfield><subfield code="r">Y</subfield><subfield code="s">Y</subfield><subfield code="t">BOOK</subfield><subfield code="u">2/3/2015</subfield></datafield><datafield ind1=" " ind2=" " tag="926"><subfield code="a">921 AMA</subfield><subfield code="w">DEWEY</subfield><subfield code="c">2</subfield><subfield code="i">33862001354905</subfield><subfield code="d">5/27/2015</subfield><subfield code="e">5/5/2015</subfield><subfield code="l">ON_SHELF</subfield><subfield code="m">NORQ_MAIN</subfield><subfield code="n">3</subfield><subfield code="p">$11.80</subfield><subfield code="r">Y</subfield><subfield code="s">Y</subfield><subfield code="t">BOOK</subfield><subfield code="u">2/18/2015</subfield></datafield><datafield ind1=" " ind2=" " tag="926"><subfield code="a">921 AMA</subfield><subfield code="w">DEWEY</subfield><subfield code="c">3</subfield><subfield code="i">33862001354954</subfield><subfield code="l">ON_SHELF</subfield><subfield code="m">NORQ_MAIN</subfield><subfield code="p">$11.80</subfield><subfield code="r">Y</subfield><subfield code="s">Y</subfield><subfield code="t">BOOK</subfield><subfield code="u">2/19/2015</subfield></datafield></record>